<?xml version="1.0" encoding="UTF-8"?><record xmlns="http://www.loc.gov/MARC21/slim" xmlns:cinclude="http://apache.org/cocoon/include/1.0" xmlns:zs="http://www.loc.gov/zing/srw/">
  <leader>00458nz  a2200133n  4500</leader>
  <controlfield tag="001">no2012089464</controlfield>
  <controlfield tag="003">DLC</controlfield>
  <controlfield tag="005">20120705074829.0</controlfield>
  <controlfield tag="008">120703n| acannaabn          |n aaa     c</controlfield>
  <datafield tag="010" ind1=" " ind2=" ">
    <subfield code="a">no2012089464</subfield>
  </datafield>
  <datafield tag="035" ind1=" " ind2=" ">
    <subfield code="a">(OCoLC)oca09238526</subfield>
  </datafield>
  <datafield tag="040" ind1=" " ind2=" ">
    <subfield code="a">UkCU</subfield>
    <subfield code="b">eng</subfield>
    <subfield code="c">UkCU</subfield>
  </datafield>
  <datafield tag="100" ind1="1" ind2=" ">
    <subfield code="a">Sreenath, Koushil</subfield>
  </datafield>
  <datafield tag="670" ind1=" " ind2=" ">
    <subfield code="a">Adaptive sampling with mobile WSN, 2011:</subfield>
    <subfield code="b">t.p. (Koushil Sreenath) p. 4 of cover (PhD candidate in Electrical Engineering at the University of Michigan, Ann Arbor)</subfield>
  </datafield>
</record>